<record><leader>00000cas a22000007a 4500</leader><controlfield tag="001">15986722</controlfield><controlfield tag="008">870616d18881uuuiausr ne      0    0eng d</controlfield><controlfield tag="009">5087</controlfield><datafield ind1=" " ind2=" " tag="010"><subfield code="a">sn 87058346 </subfield></datafield><datafield ind1=" " ind2=" " tag="040"><subfield code="a">INP</subfield><subfield code="b">eng</subfield><subfield code="c">INP</subfield><subfield code="d">OCL</subfield></datafield><datafield ind1=" " ind2=" " tag="042"><subfield code="a">msc</subfield></datafield><datafield ind1="0" ind2="4" tag="245"><subfield code="a">The Semi-monthly Stanley bugle.</subfield></datafield><datafield ind1="1" ind2="0" tag="246"><subfield code="a">Semi monthly Stanley bugle</subfield></datafield><datafield ind1="1" ind2="0" tag="246"><subfield code="a">Stanley semi-monthly bugle</subfield></datafield><datafield ind1="1" ind2="0" tag="246"><subfield code="a">Stanley semi monthly bugle</subfield></datafield><datafield ind1=" " ind2=" " tag="260"><subfield code="a">Stanley [Iowa] :</subfield><subfield code="b">W.M. Brooke,</subfield><subfield code="c">1888-</subfield></datafield><datafield ind1=" " ind2=" " tag="300"><subfield code="a">v.</subfield></datafield><datafield ind1=" " ind2=" " tag="310"><subfield code="a">Semimonthly</subfield></datafield><datafield ind1="0" ind2=" " tag="362"><subfield code="a">Vol. 1, no. 2 (Feb. 15, 1888)-</subfield></datafield><datafield ind1=" " ind2=" " tag="752"><subfield code="a">United States</subfield><subfield code="b">Iowa</subfield><subfield code="c">Buchanan</subfield><subfield code="d">Stanley.</subfield></datafield><datafield ind1="0" ind2="0" tag="780"><subfield code="t">Weekly Stanley bugle</subfield><subfield code="w">(DLC)sn 87058345</subfield></datafield></record>